@inproceedings{silva,
  title={Método {DMAIC} aplicado ao controle de estoques de telefonia e informática numa empresa de varejo},
  author={Silva, Eliane Francisca and Kloeckner, Natalia Varela da Rocha},
  publisher={XXV SEMEAD (Seminários em Administração da Universidade de São Paulo)},
  year={2022}
}

@book{nigel,
  title={Administração da produção},
  author={Slack, Nigel and Brandon-Jones, Alistair and Johnston, Robert},
  publisher={Atlas},
  address = {São Paulo},
  edition = {8 ed.},
  year={2018}
}

@book{pressman,
  title={Engenharia de software: uma abordagem profissional},
  author={Pressman, Roger S. and Maxim, Bruce R.},
  publisher={AMGH},
  address = {Porto Alegre},
  edition = {9 ed.},
  year={2021}
}